@book{Knuth2007,
  title={Seminumerical algorithms},
  author={Knuth, Donald E},
  year={2007},
  publisher={Addison-Wesley},
  note={pp. 232}
}

@article{Kahan1965,
  author = {Kahan, W.},
  title = {Pracniques: Further Remarks on Reducing Truncation Errors},
  journal = {Commun. ACM},
  issue_date = {Jan. 1965},
  volume = {8},
  number = {1},
  month = jan,
  year = {1965},
  issn = {0001-0782},
  pages = {40--},
  url = {http://doi.acm.org/10.1145/363707.363723},
  doi = {10.1145/363707.363723},
  acmid = {363723},
  publisher = {ACM},
  address = {New York, NY, USA},
} 

@article{Ling1974,
  title={Comparison of several algorithms for computing sample means and variances},
  author={Ling, Robert F},
  journal={Journal of the American Statistical Association},
  volume={69},
  number={348},
  pages={859--866},
  year={1974},
  publisher={Taylor \& Francis}
}
                
@inproceedings{panchekha2015,
  title={Automatically improving accuracy for floating point expressions},
  author={Panchekha, Pavel and Sanchez-Stern, Alex and Wilcox, James R and Tatlock, Zachary},
  booktitle={Proceedings of the 36th ACM SIGPLAN Conference on Programming Language Design and Implementation},
  pages={1--11},
  year={2015},
  organization={ACM}
}
            
@article{vitter1985,
  title={Random sampling with a reservoir},
  author={Vitter, Jeffrey S},
  journal={ACM Transactions on Mathematical Software (TOMS)},
  volume={11},
  number={1},
  pages={37--57},
  year={1985},
  publisher={ACM}
}
                
